@article{Survey2013,
    author  = "S. Ontañón and G. Synnaeve and A. Uriarte and F. Richoux and D. Churchill and M. Preuss",
    title   = "{A} {S}urvey of {R}eal-{T}ime {S}trategy {G}ame {AI} {R}esearch and {C}ompetition in {S}tar{C}raft",
    year    = "2013",
    journal = "Computation Intelligence and AI in Games, IEEE Transactions on",
    volume  = "5",
    number  = "4",
    pages   = "293--311"
}

@inproceedings{Civ2011,
	title	= "{L}earning to {W}in by {R}eading {M}anuals in a {M}onte-{C}arlo {F}ramework",
	author	= "S. R. K. Branavan and D. Silver and R. Barzilay",
	booktitle = "Proceedings of the 49th Annual Meeting of the Association for Computational Linguistics: Human Language Technologies-Volume 1",
	pages	= "268--277",
	year	= "2011",
	organization = "Association for Computational Linguistics"
}

@inproceedings{StanfordCoreNLP,
	author	= "C. D. Manning and M. Surdeanu and J. Bauer and J. Finkel and S. J. Bethard and D. McClosky",
	title	= "{T}he {S}tanford {C}ore{NLP} {N}atural {L}anguage {P}rocessing {T}oolkit",
	booktitle = "Proceedings of the 52nd Annual Meeting of the Association for Computational Linguistics: System Demonstrations",
	year	= "2014",
	pages	= "55--60",
	month	= "June",
	address	= "Baltimore, Maryland",
	publisher = "Association for Computational Linguistics"
}

@inproceedings{StanfordNER,
	title	= "{I}ncorporating {N}on-local {I}nformation into {I}nformation {E}xtraction {S}ystems by {G}ibbs {S}ampling",
	author	= "J. R. Finkel and T. Grenager and C. Manning",
	booktitle = "Proceedings of the 43rd Annual Meeting on Association for Computational Linguistics",
	pages	= "363--370",
	year	= "2005",
	organization = "Association for Computational Linguistics"
}